<?xml version="1.0" encoding="UTF-8"?>
<collection xmlns:xsi="http://www.w3.org/2001/XMLSchema-instance" xsi:schemaLocation="http://www.loc.gov/MARC21/slim http://www.loc.gov/standards/marcxml/schema/MARC21slim.xsd" xmlns="http://www.loc.gov/MARC21/slim">
<record>
  <leader>01167cam a22002771  4500</leader>
  <controlfield tag="001">3348224</controlfield>
  <controlfield tag="003">NNC</controlfield>
  <controlfield tag="005">20130520201819.0</controlfield>
  <controlfield tag="007">hd afb---buca</controlfield>
  <controlfield tag="007">hd bfb---baaa</controlfield>
  <controlfield tag="008">900221s1881    ua            000 0 ara d</controlfield>
  <datafield tag="035" ind1=" " ind2=" ">
    <subfield code="a">(OCoLC)56176556</subfield>
  </datafield>
  <datafield tag="035" ind1=" " ind2=" ">
    <subfield code="a">(OCoLC)ocm56176556</subfield>
  </datafield>
  <datafield tag="035" ind1=" " ind2=" ">
    <subfield code="9">AVA0399CU</subfield>
  </datafield>
  <datafield tag="035" ind1=" " ind2=" ">
    <subfield code="a">(NNC)3348224</subfield>
  </datafield>
  <datafield tag="035" ind1=" " ind2=" ">
    <subfield code="a">3348224</subfield>
  </datafield>
  <datafield tag="040" ind1=" " ind2=" ">
    <subfield code="a">NNC</subfield>
    <subfield code="c">NNC</subfield>
  </datafield>
  <datafield tag="100" ind1="1" ind2=" ">
    <subfield code="a">Shirbīnī, Muḥammad ibn Aḥmad,</subfield>
    <subfield code="d">-1570.</subfield>
  </datafield>
  <datafield tag="245" ind1="1" ind2="3">
    <subfield code="a">al-Sirāj al-munīr fī al-iʻānah ʻalá maʻrifat baʻḍ maʻānī kalām rabbinā al-ḥakīm al-khabīr,</subfield>
    <subfield code="c">lil-Shirbīnī. Wa-bi-hāmishihi Fatḥ al-Raḥmān bi-kashf mā yalbisu fī al-Qurʾān / li-Abī Yaḥyá Zakarīyā al-Anṣārī.</subfield>
  </datafield>
  <datafield tag="260" ind1=" " ind2=" ">
    <subfield code="a">[Bulāq</subfield>
    <subfield code="b">Maṭbaʻat Bulāq,</subfield>
    <subfield code="c">1299 [i.e. 1881]</subfield>
  </datafield>
  <datafield tag="300" ind1=" " ind2=" ">
    <subfield code="a">4 v.</subfield>
    <subfield code="c">28 cm.</subfield>
  </datafield>
  <datafield tag="500" ind1=" " ind2=" ">
    <subfield code="a">In Arabic.</subfield>
  </datafield>
  <datafield tag="630" ind1="0" ind2="0">
    <subfield code="a">Qurʼan</subfield>
    <subfield code="x">Hermeneutics</subfield>
    <subfield code="v">Early works to 1800.</subfield>
  </datafield>
  <datafield tag="630" ind1="0" ind2="0">
    <subfield code="a">Qurʼan</subfield>
    <subfield code="x">Criticism, interpretation, etc.</subfield>
    <subfield code="v">Early works to 1800.</subfield>
  </datafield>
  <datafield tag="700" ind1="1" ind2=" ">
    <subfield code="a">Anṣārī, Zakarīyā ibn Muḥammad,</subfield>
    <subfield code="d">approximately 1423-approximately 1520.</subfield>
    <subfield code="t">Fatḥ al-Raḥmān bi-kashf mā yaltabisu fī al-Qurʼān.</subfield>
  </datafield>
  <datafield tag="955" ind1=" " ind2=" ">
    <subfield code="b">0037120050</subfield>
    <subfield code="d">glx</subfield>
    <subfield code="e">893.7K84 DS54</subfield>
    <subfield code="v">v.4</subfield>
  </datafield>
</record>
</collection>